@ARTICLE{MasterThesisFASER,
AUTHOR={E. Johnson},
TITLE={FASER Trigger Logic Board
Hardware Commissioning and Data Acquisition Software
Development},
url={http://dpnc.unige.ch/MASTERS/MASTER_JOHNSON.pdf},
JOURNAL={DPNC},
YEAR={2020}
}